@book{pearl09,
  author = {Pearl, J.},
  title = {Causality: Models, Reasoning and Inference},
  year = {2009},
  edition = {2nd edition},
  publisher = {Cambridge University Press},
  address = {Cambridge, England}
  language = {en}
  isbn = {978-0-521-89560-6}
}

@book{blueoceanreader17,
  author = {Chan Kim, W and Mauborgne, Renée},
  title = {The blue ocean strategy reader},
  year = {2017},
  edition = {2nd edition},
  publisher = {Harvard Business Review Press},
  address = {Boston, MA}
  language = {en}
  isbn = {978-1-63369-275-6}
}

@book{rallo14,
  author = {Rallo, Juan Ramón},
  title = {Una revolución liberal para España},
  year = {2014},
  edition = {7nd edition},
  publisher = {Ediciones Deusto},
  address = {Barcelona, España}
  language = {es}
  isbn = {978-84-234-1853-4}
}
