@book{Newell_2021,
  place={Cambridge},
  title={Power Shift: The Global Political Economy of Energy Transitions},
  publisher={Cambridge University Press},
  isbn={978-1108832854},
  author={Newell, Peter},
  year={2021}
}

@book{taleb2018skin,
  title={Skin in the Game: Hidden Asymmetries in Daily Life},
  author={Taleb, Nassim Nicholas},
  isbn={978-0425284636},
  lccn={2017047111},
  series={Incerto series},
  year={2018},
  publisher={Penguin Books}
}

@book{lutz1965french,
  title={French Planning},
  author={Lutz, Vera Constance},
  isbn={978-0598168078},
  lccn={lc65022084},
  year={1965},
  publisher={American Enterprise Institute for Public Policy Research}
}

@book{brutzkus1982economic,
  title={Economic Planning in Soviet Russia},
  author={Brutzkus, Boris},
  isbn={978-0883559505},
  lccn={79051857},
  year={1982},
  publisher={Hyperion Press}
}