@book{Newell_2021,
  place={Cambridge},
  title={Power Shift: The Global Political Economy of Energy Transitions},
  publisher={Cambridge University Press},
  isbn={978-1108832854},
  author={Newell, Peter},
  year={2021}
}

@book{taleb2018skin,
  title={Skin in the Game: Hidden Asymmetries in Daily Life},
  author={Taleb, Nassim Nicholas},
  isbn={978-0425284636},
  lccn={2017047111},
  series={Incerto series},
  year={2018},
  publisher={Penguin Books}
}

@book{lutz1965french,
  title={French Planning},
  author={Lutz, Vera Constance},
  isbn={978-0598168078},
  lccn={lc65022084},
  year={1965},
  publisher={American Enterprise Institute for Public Policy Research}
}

@book{brutzkus1982economic,
  title={Economic Planning in Soviet Russia},
  author={Brutzkus, Boris},
  isbn={978-0883559505},
  lccn={79051857},
  year={1982},
  publisher={Hyperion Press}
}

@book{malm2016english,
  title={Fossil Capital: The Rise of Steam Power and the Roots of Global Warming},
  author={Malm, Andreas},
  isbn={978-1784781323},
  lccn={2015033820},
  year={2016},
  publisher={Verso}
}

@book{smil2016energy,
  title={Energy Transitions: Global and National Perspectives, 2nd Edition},
  author={Smil, Vaclav},
  isbn={978-1440853258},
  lccn={2016036088},
  year={2016},
  publisher={ABC-CLIO}
}

@book{mart√≠nez2020petrocalipsis,
  title={Petrocalipsis},
  author={Mart{\'\i}nez, A.M.T. and Turiel, Antonio},
  isbn={978-8417951108},
  year={2020},
  publisher={Alfabeto Editorial}
}

@book{capilla2014thanatia,
  title={Thanatia: The Destiny Of The Earth's Mineral Resources - A Thermodynamic Cradle-to-cradle Assessment},
  author={Valero Capilla, Antonio and Valero Capilla, Alicia},
  isbn={978-9814602495},
  year={2014},
  publisher={World Scientific Publishing Company}
}
